@ARTICLE{ByteAndSwitch2006Pixar,
	AUTHOR="James Rogers",
	TITLE="Pixar, Replaces an {NFS} system with a {SAN} to support the launch of {C}ars",
	YEAR="2006",
	JOURNAL="Byte and Switch",
	NOTE={\href{http://www.byteandswitch.com}{http://www.byteandswitch.com}}
}
@ARTICLE{Foster2001Anatomy,
	AUTHOR = {Ian Foster and Carl Kesselman and Steven Tuecke},
	TITLE = {The Anatomy of the Grid: Enabling Scalable Virtual Organizations},
	JOURNAL = {International Journal of High Performance Computer Application},
	VOLUME = {15},
	NUMBER = {3},
	YEAR = {2001},
	ISSN = {1094-3420},
	PAGES = {200--222},
	DOI = {http://dx.doi.org/10.1177/109434200101500302},
	PUBLISHER = {Sage Publications, Inc.},
	ADDRESS = {Thousand Oaks, CA, USA}
}
@MISC{Krizanovskij2007ActioBook,
	AUTHOR={Igor Kri\u{z}anovskij},
	TITLE={Blender 3D: {A}ction{B}ook},
	YEAR={2007},
	NOTE={\href{http://wiki.blender.org/index.php/Blender\_3D:\_ActionBook}{http://wiki.blender.org/index.php/Blender\_3D:\_ActionBook}}
}
